@misc{ImgMVC,
	title = {Modelo–vista–controlador},
	url = {https://es.wikipedia.org/w/index.php?title=Modelo%E2%80%93vista%E2%80%93controlador&oldid=126735863},
	language = {es},
	urldate = {2020-06-09},
	month = jun,
	year = {2020},
	howpublished = "\url{https://es.wikipedia.org/w/index.php?title=Modelo%E2%80%93vista%E2%80%93controlador&oldid=126735863}"
}

@misc{apuntesMVC,
	title = {Fundamentos de arquitectura. Diseño y mantenimiento de software},
	author= {Universidad de Burgos, Jesus Alonso Abad         },
	language = {es},
	urldate = {2020-06-09},
	month = jun,
	year = {2020}
}

@misc{patronFachada,
	title = {Fachada. Diseño y mantenimiento de software},
	author= {basado en notas de Rodrigo Manjón Martín y Carlos López Nozal. Universidad de Burgos, Jesus Alonso Abad         },
	language = {es},
	urldate = {2020-06-09},
	month = jun,
	year = {2020}
}