@misc{ monkeylearn,
    author = "MonkeyLearn",
	title = {{MonkeyLearn} - {How} it {Works}},
	url = {https://monkeylearn.com/how-it-works/},
	urldate = {2020-01-28},
	month = jan,
	year = 2020,
	howpublished = "\url{https://monkeylearn.com/how-it-works/}"
	
}

@misc{ lexalytics,
    author = "Lexalytics",
	title = {Lexalytics {Intelligence} {Platform} {\textbar} {Lexalytics}},
	url = {https://www.lexalytics.com/platform},
	urldate = {2020-01-28},
	month = jan,
	year = 2020,
	howpublished = "\url{https://www.lexalytics.com/platform}"
}

@misc{ brandwatch,
    author = "Neoattack",        
    title = {¿{Qué} es {Brandwatch} y para qué sirve? - {Neo} {Wiki}},
    shorttitle = { ¿{Qué} es {Brandwatch} y para qué sirve?},
    url = {https://neoattack.com/neowiki/brandwatch/},
    language = {es},
	urldate = {2020-01-28},
	month = jan,
	year = 2020,
    journal = {Neoattack},
    howpublished = "\url{https://neoattack.com/neowiki/brandwatch/}"
	}
       
@misc{ flask,
    author = "Openwebinars",
	title = {Qué es Flask y ventajas que ofrece},
	url = {https://openwebinars.net/blog/que-es-flask/},
	titleaddon = {{OpenWebinars}.net},
	urldate = {2020-02-11},
	date = {2017-11-17},
	month = feb,
	year = 2020,
	langid = {spanish},
	howpublished = "\url{https://openwebinars.net/blog/que-es-flask/}"
}

@misc{mysql_ventajas,
	title = {{MySQL} vs {SQLite}: ¿{Cuál} es mejor? {Comparativa}},
	shorttitle = {{MySQL} vs {SQLite}},
	url = {https://guiadev.com/mysql-vs-sqlite/},
	language = {es},
	urldate = {2020-02-04},
	journal = {Guiadev},
	author = {Andrés},
	month = feb,
	year = {2020},
	howpublished = "\url{https://guiadev.com/mysql-vs-sqlite/}"
}


@misc{django,
    author = "Openwebinars",
	title = {Django vs {Flask}},
	url = {https://openwebinars.net/blog/django-vs-flask/},
	language = {es},
	urldate = {2020-02-11},
	month = feb,
	year = 2020,
	journal = {OpenWebinars.net},
	month = aug,
	year = {2019},
	howpublished="\url{https://openwebinars.net/blog/django-vs-flask/}"
}

@misc{python,
    author = "Desarrollo web",
	title = {Qué es {Python}},
	url = {https://desarrolloweb.com/articulos/1325.php},
	urldate = {2020-02-11},
	month = feb,
	year = 2020,
	howpublished = "\url{https://desarrolloweb.com/articulos/1325.php}"
}

@misc{mysql,
    author = "Wikipedia",
	title = {{MySQL}},
	copyright = {Creative Commons Attribution-ShareAlike License},
	url = {https://es.wikipedia.org/w/index.php?title=MySQL&oldid=123033647},
	language = {es},
	urldate = {2020-02-11},
	journal = {Wikipedia, la enciclopedia libre},
	month = feb,
	year = {2020},
	howpublished = "\url{https://es.wikipedia.org/w/index.php?title=MySQL&oldid=123033647}"
}

@misc{github,
    author = "Luciano Castillo",
	title = {Introducción — {Conociendo} {GitHub} 0.1 documentation},
	url = {https://conociendogithub.readthedocs.io/en/latest/data/introduccion/},
	urldate = {2020-02-11},
	month = feb,
	year = {2020},
	howpublished="\url{https://conociendogithub.readthedocs.io/en/latest/data/introduccion/}"
}

@misc{zenhub,
    author = "WWWhat's new",
	title = {zenhub, plataforma de gestión de proyectos integrada en {Github}, ahora gratis para estudiantes},
	url = {https://wwwhatsnew.com/2015/09/24/zenhub-plataforma-de-gestion-de-proyectos-integrada-en-github-ahora-gratis-para-estudiantes/},
	urldate = {2020-02-11},
	month = feb,
	year = {2020},
	howpublished = "\url{https://wwwhatsnew.com/2015/09/24/zenhub-plataforma-de-gestion-de-proyectos-integrada-en-github-ahora-gratis-para-estudiantes/}"
}

@misc{gitkraken,
	title = {Control de {Versiones}: ¿{Por} qué {GitKraken}?},
	shorttitle = {Control de {Versiones}},
	url = {https://medium.com/@sergupe6/control-de-versiones-por-qué-gitkraken-ee1f30b4a18f},
	language = {en},
	urldate = {2020-02-11},
	month = feb,
	year = {2020},
	journal = {Medium},
	author = {Pérez, Sergio Gutiérrez},
	howpublished="\url{https://medium.com/@sergupe6/control-de-versiones-por-qué-gitkraken-ee1f30b4a18f}"
}

@misc{zotero,
    author = "Wikipedia",
	title = {Zotero},
	copyright = {Creative Commons Attribution-ShareAlike License},
	url = {https://es.wikipedia.org/w/index.php?title=Zotero&oldid=123344086},
	language = {es},
	urldate = {2020-02-11},
	month = feb,
	year = {2020},
	journal = {Wikipedia, la enciclopedia libre},
	howpublished="\url{https://es.wikipedia.org/w/index.php?title=Zotero&oldid=123344086}"
}

@misc{latex,
    author = "Wikilibros",
	title = {Manual de {LaTeX} - {Wikilibros}},
	url = {https://es.wikibooks.org/wiki/Manual_de_LaTeX},
	urldate = {2020-02-11},
	month = feb,
	year = {2020},
	howpublished="\url{https://es.wikibooks.org/wiki/Manual_de_LaTeX}"
}

@misc{overleaf,
    author = "Overleaf",
	title = {About us},
	url = {https://www.overleaf.com/about},
	language = {en},
	urldate = {2020-02-11},
	month = feb,
	year = {2020},
	howpublished = "\url{https://www.overleaf.com/about}"
}

@misc{pycharm,
    author = "JetBrains",
	title = {Desarrollo web full stack - {Funcionalidades} {\textbar} {PyCharm}},
	url = {https://www.jetbrains.com/pycharm/features/web_development.html},
	urldate = {2020-02-11},
	month = feb,
	year = {2020},
	journal = {JetBrains},
	howpublished="\url{https://www.jetbrains.com/pycharm/features/web_development.html}"
}


@misc{pencil,
    author = "Gari Araolaza",
	title = {Pencil: herramienta para prototipado web},
	shorttitle = {Pencil},
	url = {https://www.codesyntax.com/es/blog/pencil-herramienta-para-prototipado-web},
	urldate = {2020-02-11},
	month = feb,
	year = {2020},
	journal = {CodeSyntax},
	howpublished = "\url{https://www.codesyntax.com/es/blog/pencil-herramienta-para-prototipado-web}"
}


@misc{api,
    author = "RedHat",
	title = {¿{Qué} es una {API}?},
	url = {https://www.redhat.com/es/topics/api/what-are-application-programming-interfaces},
	language = {es},
	urldate = {2020-04-05},
	month = apr,
	year = {2020},
	howpublished="\url{https://www.redhat.com/es/topics/api/what-are-application-programming-interfaces}"
}

@misc{web_service,
    author = "Culturacion",
	title = {¿{Qué} es y para qué sirve un web service?},
	url = {https://culturacion.com/que-es-y-para-que-sirve-un-web-service/},
	urldate = {2020-04-13},
	month = apr,
	year = {2020},
	journal = {Culturación},
	howpublished = "\url{https://culturacion.com/que-es-y-para-que-sirve-un-web-service/}"
}

@misc{http,
    author = "Wikipedia",
	title = {Protocolo de transferencia de hipertexto},
	copyright = {Creative Commons Attribution-ShareAlike License},
	url = {https://es.wikipedia.org/w/index.php?title=Protocolo_de_transferencia_de_hipertexto&oldid=125068560},
	language = {es},
	urldate = {2020-04-13},
	month = apr,
	year = {2020},
	journal = {Wikipedia, la enciclopedia libre},
	howpublished="\url{https://es.wikipedia.org/w/index.php?title=Protocolo_de_transferencia_de_hipertexto&oldid=125068560}"
}

@misc{rest,
    author = "Bbva",
	title = {{API} {REST}: qué es y cuáles son sus ventajas en el desarrollo de proyectos},
	shorttitle = {{API} {REST}},
	url = {https://bbvaopen4u.com/es/actualidad/api-rest-que-es-y-cuales-son-sus-ventajas-en-el-desarrollo-de-proyectos},
	urldate = {2020-04-14},
	month = apr,
	year = {2020},
	journal = {BBVAOpen4U},
	howpublished="\url{https://bbvaopen4u.com/es/actualidad/api-rest-que-es-y-cuales-son-sus-ventajas-en-el-desarrollo-de-proyectos}"
}

@misc{uri,
    author = "Ionos",
	title = {{URI} (identificador de recursos uniformes)},
	url = {https://www.ionos.es/digitalguide/paginas-web/desarrollo-web/uri-identificador-de-recursos-uniformes/},
	abstract = {El identificador de recursos uniforme (URI)sirve para acceder a diferentes recursos por Internet. Descubre en qué consiste la sintaxis estándar de todos ellos.},
	language = {es},
	urldate = {2020-04-14},
	month = apr,
	year = {2020},
	journal = {IONOS Digitalguide},
	howpublished="\url{https://www.ionos.es/digitalguide/paginas-web/desarrollo-web/uri-identificador-de-recursos-uniformes/}"
}

@misc{endpoint,
    author = "Margaret Rouse",
	title = {What is an {API} endpoint? {Definition} from {WhatIs}.com.},
	shorttitle = {What is an {API} endpoint?},
	url = {https://searchapparchitecture.techtarget.com/definition/API-endpoint},
	language = {en},
	urldate = {2020-04-14},
	month = apr,
	year = {2020},
	journal = {SearchAppArchitecture},
	howpublished="\url{https://searchapparchitecture.techtarget.com/definition/API-endpoint}"
}

@misc{idempotent,
    author = "RestfulApi",
	title = {Idempotent {REST} {APIs} – {REST} {API} {Tutorial}},
	url = {https://restfulapi.net/idempotent-rest-apis/},
	language = {en-US},
	urldate = {2020-04-17},
	month = apr,
	year = {2020},
	howpublished="\url{https://restfulapi.net/idempotent-rest-apis/}"
}

@book{sentiment_analysis,
abstract = {This latest volume in the series, Socio-Affective Computing, presents a set of novel approaches to analyze opinionated videos and to extract sentiments and emotions. Textual sentiment analysis framework as discussed in this book contains a novel way of doing sentiment analysis by merging linguistics with machine learning. Fusing textual information with audio and visual cues is found to be extremely useful which improves text, audio and visual based unimodal sentiment analyzer. This volume covers the three main topics of: textual preprocessing and sentiment analysis methods; frameworks to process audio and visual data; and methods of textual, audio and visual features fusion. The inclusion of key visualization and case studies will enable readers to understand better these approaches. Aimed at the Natural Language Processing, Affective Computing and Artificial Intelligence audiences, this comprehensive volume will appeal to a wide readership and will help readers to understand key details on multimodal sentiment analysis.},
author = {Poria, Soujanya.},
address = {Cham},
edition = {1st ed. 2018.},
isbn = {3-319-95020-7},
keywords = {Multimedia systems},
language = {eng},
publisher = {Springer International Publishing},
series = {Socio-Affective Computing, 8},
title = {Multimodal Sentiment Analysis},
month = apr,
year = {2020},
}


@misc{yandex,
    author = "Yandex",
	title = {About - {Yandex}.{Translate}. {Help}},
	url = {https://yandex.com/support/translate/},
	abstract = {Yandex.Translate is a service that automatically translates words and texts, including on websites and in images.},
	language = {en},
	urldate = {2020-04-17},
	month = apr,
	year = {2020},
	howpublished="\url{https://yandex.com/support/translate/}"
}

@misc{sentipy,
	title = {aylliote/senti-py},
	url = {https://github.com/aylliote/senti-py},
	abstract = {A sentiment Analysis classifier in spanish. Contribute to aylliote/senti-py development by creating an account on GitHub.},
	urldate = {2020-04-17},
	month = apr,
	year = {2020},
	author = {aylliote},
	howpublished="\url{https://github.com/aylliote/senti-py}"
}

@misc{textblob,
    author = "TextBlob",
	title = {{TextBlob}: {Simplified} {Text} {Processing} — {TextBlob} 0.15.2 documentation},
	url = {https://textblob.readthedocs.io/en/dev/},
	urldate = {2020-04-17},
	month = apr,
	year = {2020},
	howpublished="\url{https://textblob.readthedocs.io/en/dev/}"
}


@misc{heroku,
	title = {¿{Qué} es {Heroku} y para qué me sirve?},
	url = {https://platzi.com/blog/que-es-heroku-y-para-que-me-sirve/},
	abstract = {Si en tu día a día te encuentras desarrollando apps, debes ser consciente que el impacto inicia cuando comienzas a tener usuarios, por est},
	language = {es\_ES},
	urldate = {2020-06-09},
	month = jun,
	year = {2020},
	journal = {Platzi},
	howpublished="\url{https://platzi.com/blog/que-es-heroku-y-para-que-me-sirve/}"
}


@misc{drawio,
	title = {draw.io - {Diagrams} {For} {Everyone}, {Everywhere}},
	url = {https://drawio-app.com/},
	abstract = {WE LOVE
DIAGRAMS   
Diagrams in Confluence and Jira
Easily create and share professional diagrams with one of the top-rated apps for Confluence and Jira on Atlassian Marketplace.   Start using draw.io       

Diagrams in Confluence and Jira

With numerous shape libraries offering hundreds of visual},
	language = {en-US},
	urldate = {2020-06-24},
	month=jun,
	year = 2020,
	journal = {draw.io},
	author = {{draw.io}},
	note = {Library Catalog: drawio-app.com},
	howpublished="\url{https://drawio-app.com/}"
}

@misc{statsmodels,
	title = {Introduction — statsmodels},
	url = {https://www.statsmodels.org/stable/index.html},
	urldate = {2020-06-24},
	month=jun,
	year = 2020,
	howpublished="\url{https://www.statsmodels.org/stable/index.html}"
}

@book{time_series_book,
	title = {Operations Management - Processes and Supply Chains },
	author = {Lee J.Krajewski, Larry P.Ritzman, Manoj K. Malhotra},
	month=jun,
	year = 2020,
}

@misc{time_series,
	title = {Series Temporales},
	author= {Santiago de la Fuente Rodríguez, UAM},
	url = {http://www.estadistica.net/ECONOMETRIA/SERIES-TEMPORALES/modelo-clasico.pdf},
	month=jun,
	year = 2020,
	howpublished="\url{http://www.estadistica.net/ECONOMETRIA/SERIES-TEMPORALES/modelo-clasico.pdf}"
}

@misc{time_series_types,
    title = {Evaluación integradora de políticas de agua: modelado y simulación con sociedades artificiales de agentes. Tesis Doctoral},
    author = {José Manuel Galán Ordax},
    month = jun,
    year= 2020
}


@misc{suavizado_exponencial,
	title = {Suavización exponencial simple},
	url = {https://www.ingenieriaindustrialonline.com/pronostico-de-la-demanda/suavizacion-exponencial-simple/},
	abstract = {El pronóstico de suavización exponencial simple es óptimo para patrones de demanda aleatorios o nivelados donde se pretende eliminar el impacto de los elementos irregulares históricos mediante un enfoque en períodos de demanda reciente, este posee una ventaja sobre el modelo de promedio móvil ponderado ya que no requiere de una gran cantidad de períodos y de ponderaciones para lograr óptimos resultados.},
	language = {es},
	urldate = {2020-06-29},
	journal = {Ingenieria Industrial Online},
	month = jun,
	year = {2020},
	note = {Library Catalog: www.ingenieriaindustrialonline.com},
    howpublished="\url{https://www.ingenieriaindustrialonline.com/pronostico-de-la-demanda/suavizacion-exponencial-simple/}"
}
